@ARTICLE{bib1,
  author = {Автор1 and Автор2 and Автор3 and Автор4},
  title = {Название статьи},
  journal = {Журнал},
  year = {2012},
  volume = {1},
  pages = {100}
}

@BOOK{bib2,
  title = {Название книги},
  publisher = {Издательство},
  year = {2012},
  editor = {Редактор},
  author = {Автор}
}

@CONFERENCE{bib3,
  author = {Автор},
  title = {название тезисов конференции},
  booktitle = {Название сборника},
  year = {2012},
}

@BOOKLET{bib4,
  title = {Название буклета},
  nite = {Заметки}
}

@ARTICLE{bib5,
  author = {Author1 and Author2 and Author3 and Author4},
  title = {``This is english article''},
  journal = {Journal},
  year = {2012},
  volume = {2},
  pages = {200},
  language = {english}
}

@book{Ukr,
  title = {АЭС с реактором типа ВВЭР-1000. От физических основ эксплуатации до эволюции проекта.},
  author = { С.А.~Андрушечко and А.М.~Арфов and Б.Ю.~Васильев and В.Н.~Генералов and К.Б.~Косоуров and Ю.М.~Семченков and В.Ф.~Украинцев.},
  publisher = {М.: Логос}, 
  year = {2010},
  pages = {604},
  note = {ISBN 978-5-98704-496-4}
}

@CONFERENCE{conf-iate-2014,
  author = {Белявцев И.П.},
  title = {Метод расчета оптимального порядка замены тепловыделяющих сборок реакторов класса БН с использованием методов искусственного интеллекта},
  booktitle = {XII Межрегиональная научно-техническая конференция студентов и аспирантов <<Применение кибернетических методов в решении проблем общества XXI века>>},
  year = {2014},
}

@BOOK{BH,
  author = {Усынин Г.Б. and Кусмарцев },
  title = {Реакторы на быстрых нейтронах: Учеб. пособие для вузов},
  publisher = {М.: Энергоатомиздат}, 
  year = {1985},
  pages = {288},
}

@ARTICLE{TA-defs,
  author = {Акишев И.Р. and Дворкин М.Э.},
  title = {О построении минимальных детерминированных конечных автоматов, распознающих префиксный код заданной мощности},
  journal = {Прикладная дискретная математика},
  year = {2010},
}

@BOOK{Intro-TA,
  author = {Хопкрофт Дж. and Мотвани Р. and Ульман Дж.},
  title = {Введение в теорию автоматов, языков и вычислений = Introduction to Automata Theory, Languages, and Computation.},
  publisher = {М.: Вильямс}, 
  year = {2002},
  pages = {528},
  note = {ISBN 0-201-44124-1}
}

@BOOK{TA-Lupal,
  author = {Лупал~А.М.},
  title = {Теория автоматов: Учебное пособие.},
  publisher = {СПб.: ГУАП},
  year = {2000},
  pages = {119}
}

@BOOK{AI,
  author = {Рассел~С.Дж. and Норвиг~П.},
  title = {Искусственный интеллект: современный подход = Artificial Intelligence: A Modern Approach / Пер. с англ. и ред. К. А. Птицына. --- 2-е изд.},
  publisher = {М.: Вильямс}, 
  year = {2006},
  pages = {157—162},
  note = {ISBN 5-8459-0887-6}
}

@BOOK{COURSE,
  author = {Заенцев~И.В.},
  title = {Нейронные сети: основные модели}, 
  publisher = {Воронеж: <<Воронеж>>}, 
  year = {1999},
  pages = {76}
}

@ARTICLE{nn_int_jain,
  author = {Джейн~А. and Мао~Ж.},
  title = {Введение в искусственные нейронные сети}, 
  year = {1996},
  journal = {Открытые системы}
}

@BOOK{TA-Syntes,
  author = {Богаченко~Н.Ф., Файзуллин~Р.Т.},
  title = {Синтез дискретных автоматов: Учебное пособие.},
  publisher = {Омск: Издательство Наследие. Диалог-Сибирь},
  year = {2006},
  pages = {150}
}

@inbook{graph-harry,
  author = {Харари~Ф.},
  chapter = {Глава 2. Графы},
  title = {Теория графов},
  editor = {Г.П.~Гаврилова.},
  publisher = {Издательство мир}, 
  year = {1973},
  pages = {300 с.},
  note = {ISBN 5-354-00301-6}
}

@inbook{graph-evstigneev,
  author = {Евстигнеев~В.А.},
  chapter = {Глава 3. Итеративные алгоритмы глобального анализа графов. Пути и покрытия},
  title = {Применение теории графов в программировании},
  editor = {А.П.~Ершова.},
  publisher = {Москва: Наука. Главная редакция физико-математической литературы}, 
  year = {1985},
  pages = {352 с}
}

@BOOK{graph-wave,
  author = {Абрайтис~Л.Б.},
  title = {Автоматизация проектирования топологии цифровых интегральных микросхем},
  publisher = {М.:Радио и связь}, 
  year = {1985},
  pages = {200} 
}

@BOOK{NejronnyeSeti,
  author = {Хайкин~С.},
  title = {Нейронные сети: полный курс, 2-е издание : Пер. с англ.},
  publisher  = {М.: Издательский дом <<Вильямс>>}, 
  year = {2006},
  pages = {1104}
}

@misc{ad-habr,
  title = {Алгоритм Дейкстры. Поиск оптимальных маршрутов на графе},
  url = {http://habrahabr.ru/post/111361/},
  author = {Сплитфейс~А.}
}

@misc{astar-habr,
  title = {Поиск пути: алгоритм A* для новичков\\},
  url = {http://savepearlharbor.com/?p=159417},
  author = {Платонов~Д.}
}

@article{neuron-filatova,
author={Филатова~Т.В.},
title={Применение нейронных сетей для аппроксимации данных},
journal={Вестник Томского государственного университета},
year={2004},
volume={284},
}

@article{neuron-gorban,
 author = {Горбань~А.Н.},
 title = {Обобщенная аппроксимационная теорема и вычислительные возможности нейронных сетей},
 journal = {Сибирский журнал вычислительной математики}, 
 year = {1998},
 pages = {12—24}
 }
 
@book{reactor-calc,
 author = {Румянцев~Г.Я.},
 title = {Расчет  ядерного реактора на тепловых нейтронах},
  publisher = {М.: Атомиздат},
  year ={1967},
  pages = {117}
}


@book{python-main,
  author = {Лутц~М.},
  title = {Программирование на Python / Пер. с англ.},
  publisher = {СПб.: Символ-Плюс}, 
  year = {2011}
  }
  
@book{sqlalchemy,
  author = {Copeland,~R.},
  title = {Essential SQLAlchemy},
  publisher = {O'Reilly Media}, 
  year = {2008},
  pages = {215},
  language={english}
}

@misc{networkx-habr,
  title = {NetworkX для удобной работы с сетевыми структурами\\},
  url = {http://habrahabr.ru/post/125898/},
  author = {Осипов~П.}
}

@article{schaul2010,
author = {Schaul, Tom and Bayer, Justin and Wierstra, Daan and Sun, Yi and Felder, Martin and Sehnke, Frank and R\"{u}ckstie\ss, Thomas and Schmidhuber, J\"{u}rgen},
journal = {Journal of Machine Learning Research},
keywords = {machine learning,neural networks,optimization,python,reinforcement learning},
title = {{PyBrain}},
year = {2010},
languge = {english}
}

@book{cloud-comp,
 author = {Gillam, Lee},
 title = {Cloud Computing: Principles, Systems and Applications},
 publisher = {L.: Springer},
 year = {2010},
 pages = {379},
languge = {english}
}