% Encoding: UTF-8

@article{iop-paper-2018,
  author={I. Belyavtsev and D. Legchikov and S. Starkov and V. Kolesov and E. Nikulin},
  title={Approximation of the criticality margin of WWR-c reactor using artificial neuron networks},
  journal={Journal of Physics: Conference Series},
  volume={945},
  number={1},
  pages={012-031},
  url={https://djbelyak.ru/publication/criticality-margin-approx/},
  year={2018},
  abstract={Two artificial neural networks approximating the criticality margin of the WWR-c reactor (based on model and calculated data) were created and trained. The resulting neural networks realize the correct approximation, have high accuracy, and also high speed of operation. Using the obtained artificial neural networks can be applied to accelerate the preliminary calculations of the state of the reactor.}
}

@book{haikin-2008,
  title={Нейронные сети: полный курс},
  author={C. Хайкин},
  edition=2,
  isbn={9785845908902},
  url={https://books.google.ru/books?id=LPMr0iA0muwC},
  year={2008},
  publisher={Вильямс},
  pages={1103}
}
@Comment{jabref-meta: databaseType:bibtex;}
